
@misc{the_national_health_service_appointment_of_consultants_the_national_health_service_appointment_of_consultants_national_2005,
	title = {The National Health Service (Appointment of Consultants) Regulations Good Practice Guidance},
	url = {https://www.rcseng.ac.uk/-/media/Files/RCS/Standards-and-research/Support-for-surgeons/NHS_AAC20GoodPractice_Guidance.pdf},
	author = {{The National Health Service (Appointment of Consultants) The National Health Service (Appointment of Consultants)}},
	date = {2005},
}

@misc{the_national_health_service_strategic_2018,
	title = {Strategic Framework for Cancer Workforce 05-07},
	url = {https://www.hee.nhs.uk/sites/default/files/documents/Cancer-Workforce-Document_FINAL%20for%20web.pdf},
	author = {{The National Health Service}},
	date = {2018},
}

@online{the_royal_college_of_radiologists_rcr_2023,
	title = {{RCR} statement on industrial action {\textbar} The Royal College of Radiologists},
	url = {https://www.rcr.ac.uk/news-policy/latest-updates/rcr-statement-on-industrial-action/#:~:text=There%20is%20currently%20a%2017},
	author = {{The Royal College of Radiologists}},
	urldate = {2024-04-24},
	date = {2023},
}

@online{the_royal_college_of_physicians_of_london_rcp_2017,
	title = {{RCP} London Advisory Appointments Committees ({AAC})},
	url = {https://www.rcplondon.ac.uk/education-practice/advice/advisory-appointments-committees-aac#:~:text=},
	author = {{The Royal College of Physicians of London}},
	date = {2017},
}

@misc{the_national_health_service_consultant_2017,
	title = {Consultant job planning: a best practice guide.},
	url = {https://www.england.nhs.uk/wp-content/uploads/2022/05/consultant-job-planning-best-practice-guidance.pdf.},
	author = {{The National Health Service}},
	date = {2017},
}

@misc{the_royal_college_of_radiologists_clinical_2022,
	title = {Clinical radiology job planning guidance for consultant and {SAS} doctors 2022.},
	url = {https://www.rcr.ac.uk/media/gzxjd252/rcr-publications_clinical-radiology-job-planning-guidance-for-consultant-and-sas-doctors_october-2022.pdf},
	author = {{The Royal College of Radiologists}},
	date = {2022},
}

@online{royal_college_of_surgeons_of_england_advisory_2024,
	title = {Advisory Appointment Committees ({AACs})},
	url = {https://www.rcseng.ac.uk/standards-and-research/support-for-surgeons-and-services/aacs/},
	abstract = {An Advisory Appointments Committee ({AAC}) is a legally constituted interview panel established by an employing body when appointing consultants.},
	titleaddon = {Royal College of Surgeons},
	author = {{Royal College of Surgeons of England}},
	urldate = {2024-04-24},
	date = {2024},
	langid = {english},
}

@online{the_royal_college_of_radiologists_advisory_2024,
	title = {Advisory Appointment Committee {FAQs}},
	url = {https://www.rcr.ac.uk/our-services/management-service-delivery/advisory-appointment-committee-aac/advisory-appointment-committee-faqs/},
	abstract = {This page answers questions you may have about the job description review and {AAC} panel processes.},
	author = {{The Royal College of Radiologists}},
	urldate = {2024-04-24},
	date = {2024},
}

@online{the_royal_college_of_radiologists_advisory_2024-1,
	title = {Advisory Appointment Committee ({AAC}) {\textbar} The Royal College of Radiologists},
	url = {https://www.rcr.ac.uk/our-services/management-service-delivery/advisory-appointment-committee-aac/},
	author = {{The Royal College of Radiologists}},
	urldate = {2024-04-24},
	date = {2024},
}

@article{limb_shortages_2022,
	title = {Shortages of radiology and oncology staff putting cancer patients at risk, college warns},
	issn = {1756-1833},
	url = {https://www.bmj.com/lookup/doi/10.1136/bmj.o1430},
	doi = {10.1136/bmj.o1430},
	pages = {o1430},
	journaltitle = {{BMJ}},
	shortjournal = {{BMJ}},
	author = {Limb, Matthew},
	urldate = {2024-04-24},
	date = {2022-06-10},
	langid = {english},
}
